2203 2732
127 142 271 207 sjungere
290 156 383 188 velim
403 156 479 186 πᾶν
497 154 528 185 δ’
545 151 603 194 ἄρ’
623 153 847 191 ἐνεπλήσθη
868 154 1021 189 πεδίον,
1042 155 1166 184 πᾶσαι
1184 153 1225 184 δὲ
1245 153 1434 183 κέλευθοι
1453 152 1646 192 μυκηθμῷ
1666 155 1725 181 etc.
1742 153 1800 180 etc.
1815 154 1915 181 omnis
1936 153 2040 188 utique

146 220 267 248 ompue
287 206 477 245 implebatur,
497 214 656 242 omnesque
675 206 742 234 viae
760 205 889 241 muqitu.

384 251 457 287 ΙΙ.
478 251 623 293 XXV,
644 249 731 285 262.

659 301 715 332 τὸν
734 300 789 341 μὲν
806 298 886 340 ἐγών
905 300 1028 341 ὀδύνῃσι
1047 305 1309 342 παραφρονεοντα
1328 299 1466 340 βαρείαις

662 349 848 390 νωσοίμενος,
867 350 940 390 πρίν
958 351 988 389 y'
1006 345 1094 386 αὖτις
1112 348 1294 389 ὑπότροπον
1313 348 1543 388 ιὶμπνυνθῆναι,

662 399 794 437 αὐχένος
812 398 978 440 αρρήκτοιο
1000 400 1075 439 παρ’
1094 400 1173 430 ἰνίον
1193 399 1315 440 ἔφλασα
1336 398 1500 439 προφθάς,

665 449 764 488 ῥίψας
784 447 875 486 τόξον
895 448 984 487 ἔραζε
1006 447 1225 490 πολύῤῥαπτόν
1244 459 1279 478 τε
1298 451 1471 489 φαρέτρην·

661 493 760 536 ἦγχον
779 497 809 527 δ’
828 500 1010 537 ἐγκρατέως,
1029 495 1180 537 στιβαρὰς
1200 496 1255 527 σὺν
1276 500 1384 536 χεῖρας
1403 498 1538 535 ἐρείσας,

662 546 820 585 ἐξόπιθεν,
840 544 880 584 μὴ
901 544 1019 585 σάρκας
1038 544 1227 586 αποδρύψει’
1248 545 1419 583 ὀνύχεσσιν,

664 596 741 635 πρὸς
762 596 792 625 δ’
811 590 907 631 οὖδας
927 598 1069 635 πτέρνῃσι
1088 596 1187 631 πόδας
1207 596 1340 634 στερεοῖς
1360 594 1481 632 ἐπίεζον

664 645 808 684 οὐραίους
827 643 948 684 ἐπιβάς,
969 644 1125 683 πλευροῖσι
1144 655 1178 674 τε
1197 644 1266 683 μῆρ’
1286 643 1469 684 ἐφύλασσον,

662 697 754 733 μέχρι
772 695 802 724 οἱ
821 693 1007 731 ἐξετάνυσσα
1026 692 1207 732 βραχίονας,
1226 692 1331 731 ὀρθον
1350 691 1457 732 ἀείρας

662 738 850 774 ἄπνευστον·
872 740 979 782 ψυχὴν
998 741 1032 772 δὲ
1052 741 1205 782 πελώριον
1225 741 1356 779 ἔλλαχεν
1374 739 1459 780 ᾅδης.

304 794 374 835 Ego
394 797 498 823 verto:
520 794 610 822 Hunc
630 796 724 830 igitur
744 802 797 829 eyo
817 793 971 821 doloribus
991 795 1154 822 attonitum
1173 792 1316 829 yravibus
1330 794 1467 828 intuitus,
1485 795 1668 830 priusquam
1689 797 1798 822 iterum
1818 794 1860 823 ad
1874 803 1905 823 se
1921 795 2039 823 rediens

146 849 325 885 respirasset,
346 846 388 875 ad
407 846 527 873 cervicis
546 845 674 872 invictae
694 843 843 872 tendinem
863 842 986 871 contudi
995 846 1196 879 praevertens,
1218 842 1328 878 abjecto
1343 843 1428 871 humi
1442 852 1518 872 arcu
1532 846 1559 871 et
1571 844 1656 872 sutili
1668 844 1831 881 pharetra,-
1852 844 2038 881 strinqebam

148 901 246 926 autem
264 897 390 933 firmiter
408 894 549 922 manibus
569 893 697 921 robustis
718 894 925 929 comprimens,
947 901 966 920 a
986 896 1078 929 terqo,
1100 901 1136 920 ne
1156 901 1277 920 carnem
1298 890 1399 930 (mihi)
1421 893 1552 921 laniaret
1571 893 1726 929 unquibus
1746 897 1774 922 et
1792 895 1827 922 in
1846 897 1959 922 terram
1979 895 2039 922 cal-

147 946 227 975 cibus
244 945 331 982 pedes
349 944 468 982 fortiter
487 942 659 979 premebam
682 944 861 980 posteriores
866 963 876 978 ,
898 942 1069 971 inscendem
1089 945 1116 970 et
1136 940 1246 979 (illius)
1268 941 1410 970 lateribus
1427 941 1545 979 femora
1566 941 1661 979 (mea)
1680 943 1870 979 muniebam,
1898 944 1991 973 donec
2012 946 2040 972 ei

146 995 261 1023 extendi
287 1002 397 1028 armos,
419 996 546 1020 erectum
566 993 684 1020 elevans
703 994 826 1028 spiritus
847 993 1003 1028 impotem5
1023 993 1159 1019 animam
1177 1000 1248 1019 vero
1269 993 1416 1027 inycntem
1437 993 1547 1027 excepit
1566 992 1675 1021 Hades.

305 1039 514 1079 Hartungius,
542 1049 631 1078 quem
652 1040 808 1080 ἔφλασα
825 1048 866 1069 ,τι
885 1040 1008 1069 contudi
1028 1037 1171 1077 offendit,
1192 1037 1391 1068 scribendum
1409 1041 1497 1078 putat
1518 1040 1685 1075 ἕσπασα,
1705 1039 1752 1069 sic
1771 1039 1947 1080 intelligens
1971 1041 2040 1077 „ale

147 1091 185 1127 id>
206 1090 254 1128 itm
276 1089 303 1128 fo
324 1087 497 1129 obnmfidnig
516 1088 643 1128 buliegen
665 1087 726 1128 scd),
755 1092 836 1126 geme
857 1087 894 1125 {cb
916 1087 980 1124 ibn,
1006 1088 1087 1119 besor
1113 1096 1140 1119 et
1161 1086 1208 1124 stet>
1230 1086 1328 1118 miener
1349 1087 1468 1126 erbolte,
1495 1088 1567 1125 tufcb
1589 1097 1635 1119 am
1656 1088 1757 1121 &mitt
1775 1091 1825 1120 bes
1846 1095 2038 1121 unnetmunvs

148 1141 232 1170 buten
253 1138 358 1179 ῷαίἶεΰ
374 1159 381 1167 .
397 1160 404 1168 .
420 1160 427 1168 .
441 1140 498 1169 unb
519 1137 628 1177 mingte
649 1137 697 1175 ibn
720 1137 845 1177 “dmg-¹¹
888 1136 951 1167 Sed
964 1140 1087 1177 praeter
1099 1136 1227 1166 nimiam
1242 1137 1439 1177 conjecturae
1452 1137 1634 1168 violentiam
1646 1148 1755 1169 sensus
1768 1138 1890 1179 flagitat
1904 1138 2037 1169 verbum

147 1187 259 1230 φλάω
277 1197 399 1226 premo,
421 1191 602 1225 comprimo,
624 1188 791 1224 contundo,
812 1185 941 1224 btl'lcfe,
961 1186 1182 1226 getquetfdpe.

305 1235 457 1267 Hercules
479 1236 569 1275 enim,
590 1235 723 1266 belluam
744 1235 941 1277 conspicatus
961 1235 1180 1275 semianimem,
1202 1236 1381 1276 priusquam
1401 1235 1478 1266 haec
1502 1247 1537 1266 se
1558 1236 1737 1277 recolligat,
1758 1237 1871 1268 collum
1890 1242 2040 1278 tanquam

147 1286 254 1317 sedem
274 1286 415 1327 spiritus,
437 1285 625 1327 comprimit,
652 1290 717 1316 tum
745 1285 868 1316 demum
887 1284 1029 1316 manibus
1048 1285 1183 1315 robustis
1202 1284 1324 1315 leonem
1345 1285 1446 1326 angit..
1480 1285 1641 1316 Sententia
1659 1297 1750 1325 vero,
1777 1296 1859 1327 quae
1884 1287 1993 1328 incipit
2020 1297 2041 1317 a

147 1336 245 1366 verbo
264 1332 373 1375 ἦγχον,
394 1334 562 1376 amplificat
580 1336 793 1366 tantummodo
813 1346 936 1366 versum
955 1338 1020 1366 264.
1060 1334 1123 1365 Alii
1142 1335 1343 1376 conjecerunt
1362 1331 1471 1374 ἤλασα,
1492 1335 1548 1365 sed
1567 1335 1618 1365 hic
1638 1335 1722 1366 omni
1741 1336 1913 1367 mutatione
1932 1347 2039 1378 super-

147 1386 256 1417 sedere
276 1395 449 1426 possumus.
489 1384 636 1416 Ceterum
656 1385 820 1425 πελώριον,
840 1385 924 1426 quod
940 1385 1006 1427 jam
1032 1384 1065 1415 in
1085 1384 1220 1415 editione
1239 1384 1362 1415 Reiskii
1382 1388 1493 1424 exstat,
1520 1389 1552 1415 et
1571 1384 1687 1424 nescio,
1708 1395 1770 1426 qua
1789 1385 1829 1417 de
1850 1396 1970 1424 caussa,
1990 1397 2040 1418 re-

148 1435 278 1465 centiori
292 1438 395 1465 aetate
408 1434 533 1465 lectioni
548 1434 699 1474 πελώριος
714 1434 855 1473 cedebat,
876 1434 935 1465 hoc
954 1434 1023 1465 loco
1043 1438 1163 1465 tantum
1183 1435 1281 1473 abest,
1301 1438 1336 1464 ut
1356 1434 1523 1475 quidquam
1542 1434 1658 1465 habeat
1678 1435 1866 1474 offensionis,
1887 1440 1922 1466 ut
1934 1436 2040 1476 potius

148 1484 273 1524 egregie
299 1483 474 1514 conveniat.
514 1483 653 1514 Leonem
679 1483 838 1524 ingentem
862 1483 1009 1514 habuisse
1035 1483 1169 1514 animam
1188 1485 1282 1525 poeta
1303 1483 1378 1514 dicit
1404 1487 1435 1514 et
1454 1483 1495 1514 ob
1516 1483 1548 1514 id
1568 1483 1669 1524 ipsum
1688 1484 1785 1515 robur
1804 1488 1837 1515 et
1855 1485 1938 1516 vires
1957 1485 2039 1516 Her-

147 1533 223 1563 culis
243 1533 338 1564 etiam
357 1532 576 1564 laudabiliores
597 1537 757 1574 apparent.
799 1533 861 1572 Qui
880 1543 955 1564 vero
976 1534 1181 1573 contendunt,
1207 1533 1267 1564 hoc
1286 1532 1355 1564 loeo
1376 1532 1527 1574 πελώριος
1553 1538 1660 1574 aptum
1686 1544 1754 1565 esse
1781 1534 1941 1574 epitheton
1968 1536 2039 1566 voci

147 1581 232 1622 ᾅδης,
253 1593 306 1613 eos
326 1582 402 1613 nihil
421 1593 585 1613 moramur.

389 1631 460 1664 ld.
483 1631 706 1664 xxvul.

305 1681 377 1712 Hoc
398 1680 487 1711 dulce
507 1680 663 1723 idyllium,
690 1682 774 1722 quod
793 1682 833 1713 ab
854 1682 996 1713 omnibus
1017 1681 1187 1712 carminum
1206 1681 1460 1712 Theocriteorum
1480 1681 1646 1722 generibus
1666 1682 1840 1724 discrepat,
1867 1694 1965 1725 prope
1987 1694 2037 1714 ac-

149 1730 231 1761 cedit
251 1730 293 1761 ad
315 1730 480 1761 dialectum
499 1730 677 1770 Aeolicum3
697 1735 829 1762 metrum
849 1742 971 1772 quoque
991 1741 1196 1772 versuumque
1216 1730 1269 1762 lex
1289 1735 1320 1761 et
1340 1731 1527 1762 modificatio
1546 1731 1639 1772 longe
1660 1732 1792 1763 discedit
1812 1743 1831 1763 a
1851 1733 1973 1773 vulgari
1990 1744 2036 1763 ra-

147 1779 241 1809 tione.
280 1779 484 1810 Nihilominus
511 1783 617 1810 tamen
643 1785 750 1811 nostro
776 1782 888 1822 poetae
909 1780 1130 1811 vindicandum
1150 1791 1218 1811 esse
1239 1780 1390 1811 existimo.
1431 1780 1626 1812 Praestantia
1646 1781 1728 1811 enim
1749 1786 1866 1823 quanta
1886 1783 1925 1813 sit
1944 1781 2038 1823 hujus

149 1829 308 1868 carminis,
329 1829 484 1859 neminem
503 1829 616 1870 fugiet,
644 1830 791 1870 imprimis
818 1830 925 1861 nativa
952 1830 1104 1870 quaedam
1130 1830 1268 1860 suavitas
1295 1830 1390 1868 inest,
1418 1839 1497 1870 quae
1522 1840 1564 1860 ex
1591 1831 1824 1870 comparatione
1852 1831 1975 1862 demum
1995 1831 2037 1862 id.

147 1878 260 1911 XXVI
280 1882 310 1909 et
330 1878 458 1910 XXVII
485 1878 575 1919 (haec
596 1879 657 1909 duo
679 1879 814 1910 carmina
834 1880 901 1910 sine
928 1880 1022 1911 dubio
1049 1879 1141 1910 alium
1161 1879 1294 1920 aliquem
1320 1881 1444 1920 poctam
1468 1879 1584 1910 habent
1602 1881 1775 1920 auctorem)
1796 1879 1887 1921 plane
1907 1880 2039 1922 intelligi

97 1927 99 1929 ’
148 1931 259 1969 potest.
299 1927 384 1958 Nihil
405 1928 486 1959 enim
506 1928 674 1969 simplicius
694 1929 754 1959 hoc
774 1928 897 1970 idyllio‚
924 1929 1000 1960 nihil
1025 1929 1123 1971 magis
1149 1929 1346 1970 perspicuum
1373 1939 1410 1959 ac
1430 1929 1596 1960 dilucidum
1622 1929 1807 1970 cogitaverit
1825 1929 1954 1971 aliquis,
1980 1941 2040 1962 nec

87 2016 89 2018 Ι
148 1981 219 2018 eget
239 1981 453 2019 argumentum
473 1977 540 2018 ejus
560 1978 602 2009 ad
622 1978 840 2019 explicandum
861 1979 1006 2010 subsidiis
1028 1990 1156 2021 operose
1177 1979 1368 2009 extrinsecus
1389 1978 1530 2010 alicunde
1551 1979 1753 2010 arcessendis.

390 2027 463 2061 ld.
485 2028 657 2061 xxlx.

308 2076 370 2114 Qui
382 2076 442 2107 hoc
463 2087 588 2107 carmen
602 2077 760 2107 Theocriti
781 2088 848 2109 esse
862 2084 988 2120 negant,
1010 2090 1151 2110 caussam
1171 2079 1311 2118 afferunt,
1333 2079 1416 2120 quod
1434 2079 1467 2109 in
1486 2079 1573 2109 libris
1593 2078 1711 2119 aliquot
1730 2089 1825 2109 manu
1838 2080 1964 2121 seriptis
1978 2091 2042 2111 non

148 2126 330 2166 reperiatur.
371 2125 441 2156 Etsi
455 2126 661 2166 concedimus,
682 2127 715 2158 id
734 2138 797 2159 non
818 2139 885 2159 esse
905 2129 1017 2160 nullius
1037 2129 1193 2168 momenti,
1213 2133 1318 2159 tamen
1331 2138 1488 2169 perpauca
1508 2128 1621 2167 insunt,
1642 2138 1722 2169 quae
1742 2128 1783 2159 ab
1797 2128 1927 2170 ingenio
1948 2134 1980 2161 et
1993 2141 2042 2161 ra-

148 2174 233 2205 tione
253 2176 365 2216 poetae
385 2176 484 2206 nostri
504 2176 680 2208 abhorrent.
721 2178 808 2209 Unus
827 2182 932 2209 tamen
952 2190 1060 2210 versus
1080 2182 1119 2209 34
1139 2178 1302 2210 α’λλάλοισι
1326 2178 1483 2218 πελώμεθ’
1497 2178 1662 2216 Ἀχιλλέωι
1680 2179 1768 2219 φίλοι
1786 2178 1884 2210 habet
1898 2180 1984 2220 quod
1997 2181 2042 2211 of-

150 2223 265 2254 fendat.
306 2223 389 2261 Quid
410 2225 492 2255 enim
511 2225 572 2255 sibi
591 2225 667 2256 velit
686 2236 749 2256 vox
761 2227 934 2265 Ἀχιλλέιοι,
953 2228 1037 2259 haud
1057 2228 1253 2267 expediveris
1273 2227 1332 2257 nisi
1349 2238 1418 2257 cum
1432 2227 1561 2257 Nottero
1576 2227 1705 2267 aliisque
1719 2227 1875 2268 intelliges
1889 2229 2042 2260 Achillem

151 2275 182 2300 et
200 2271 379 2303 Patroclum
397 2272 426 2304 h.
448 2284 474 2304 e.
496 2273 672 2314 amicitiam,
696 2285 775 2316 quae
794 2275 876 2307 inter
896 2287 949 2308 eos
970 2281 1046 2308 erat.
1085 2277 1127 2307 At
1147 2287 1222 2307 vero
1242 2277 1310 2318 quis
1330 2275 1481 2307 Achillem
1494 2276 1595 2317 ipsum
1613 2276 1728 2307 dixerit
1740 2278 1835 2317 φίλον
1849 2278 2040 2316 §llll-leton?

151 2319 326 2363 Corruptio,
346 2333 385 2353 ne
405 2322 526 2365 longius
547 2324 667 2364 abeam,
687 2325 720 2355 in
740 2324 792 2356 illo
812 2326 937 2357 nomine
958 2327 1113 2369 adjectivo
1133 2327 1251 2358 latebit.
1291 2326 1448 2357 Monuisse
1468 2331 1572 2357 autem
1591 2326 1734 2358 sufficiet.
1757 2346 1793 2352 —

308 2450 398 2481 Haec
418 2455 497 2491 sunt,
519 2462 599 2493 quae
618 2452 715 2484 literis
735 2454 884 2486 mandare
904 2455 1033 2487 institui.

308 2499 425 2531 Multae
438 2501 525 2532 >aliae
545 2502 578 2533 in
596 2503 706 2543 poetas
727 2503 884 2536 bucolicos
905 2505 1137 2536 observationes
1157 2505 1246 2536 alteri
1266 2504 1413 2545 opusculo
1437 2510 1616 2536 reservatae
1637 2509 1735 2536 sunto.

676 2587 1513 2612 .„-—.Qfflw——„
