2203 2732
88 200 289 236 adversatur,
310 197 394 237 quod
415 196 523 237 Gorgo
544 197 678 228 amicam
697 195 892 236 indignatam
913 197 1060 228 admonet
1080 197 1119 228 de
1138 197 1318 239 Zopyrione
1337 197 1449 238 filiolo,
1476 207 1569 239 quem
1587 198 1629 250 ‘e
1647 201 1786 233 &Mate
1804 200 1903 242 patri.
1922 201 1997 233 edo.

88 253 153 283 ceri
172 263 236 282 non
263 250 445 289 conveniat3
473 249 512 280 de
538 251 660 279 eordido
689 253 752 286 eju,
778 253 883 281 animo
908 250 935 280 si
959 250 1114 291 percipiat
1141 251 1269 282 auribus
1289 250 1407 291 aliquid
1426 251 1589 292 puerulus,
1615 262 1679 283 non
1703 254 1810 294 magni
1837 263 1905 285 esse
1931 256 1994 286 mo-

90 305 202 343 menti3
230 305 262 335 id
284 305 392 344 Gorgo
418 303 587 334 subaudire
613 302 689 332 mihi
709 302 842 333 videtur.
882 303 992 344 Itaque
1017 304 1174 344 Gorgonis
1199 304 1343 335 anxietas
1365 303 1443 335 nihil
1461 303 1592 335 haberet
1605 315 1743 336 caussae.
1783 306 1864 337 Tum
1886 305 1994 338 Praxi-

88 370 170 390 noae
190 359 318 389 maritus
339 358 380 388 ab
394 367 493 387 uxore
514 357 583 397 ipsa
602 356 753 397 neglectis
773 357 959 398 ambagibus
980 358 1123 399 πάραρος
1143 358 1173 388 h.
1188 368 1214 388 e.
1226 361 1348 389 deliras
1367 362 1399 389 et
1419 358 1731 398 τρισκαιδεκάπαχυς,
1750 362 1838 391 homo
1857 364 1994 393 tredecim

90 416 277 450 cubitorum,
299 416 431 441 vocatur
451 411 517 441 sive
537 410 630 441 homo
651 409 820 441 celsissima
841 411 966 451 quidem
987 415 1120 450 statura,
1142 411 1199 442 sed
1218 410 1301 442 laevi
1321 415 1353 442 et
1371 411 1469 452 inepti
1489 410 1616 451 ingenii.
1656 412 1728 443 Huc
1747 413 1885 452 accedit,
1911 416 1995 455 quod

89 477 198 497 versus
219 467 417 505 insequentes

574 515 700 557 ,χώμὺς
720 519 821 556 τωυτᾷ
841 520 916 556 ἔχει,
938 518 1067 558 φθόρος
1087 518 1235 557 ἀργυρίω,
1256 519 1459 554 Διοκλείδας·

571 570 803 610 έπταδράχμως
824 570 964 607 κυνάδας,
984 572 1097 610 γραιᾶν
1116 571 1315 610 ductitaverat
1335 573 1448 610 πηρᾶν,

571 626 661 654 πέντε
681 625 787 660 ιόκως
807 625 895 664 ἔλαβ’
915 624 1022 662 ἐχθές,
1042 623 1129 655 ἅπαν
1149 624 1258 665 ῥύπον,
1278 626 1370 664 ἔργον
1391 626 1441 655 ἐπ’
1460 626 1558 665 ἕργῳ“

86 681 162 712 satis
191 679 327 711 dilucide
347 679 577 716 demonstrant,
605 677 644 708 de
665 681 792 718 stupore
812 678 972 718 utriusque
991 678 1050 708 viri
1072 688 1245 709 sermonem
1266 689 1344 709 esse.
1385 678 1493 719 Gorgo
1514 679 1595 710 enim
1622 679 1767 710 maritum
1794 690 1883 711 suum
1902 681 1993 712 simili

89 736 182 766 modo
203 732 384 775 perstringit
404 731 550 772 loquens:
573 734 674 763 eodem
693 735 784 763 modo
804 743 888 762 meus
909 736 982 770 ayit,
1003 734 1170 771 Dioclides,
1198 743 1313 771 vor-ayo
1331 736 1488 771 pecuniae,
1510 736 1563 772 qui
1584 738 1689 764 omnia
1707 738 1828 773 neyotia
1848 737 1927 765 male
1946 746 1992 772 ye-

88 801 157 820 rens
178 800 246 827 opes
267 788 417 827 diffimdit.
459 785 493 816 Si
514 785 582 825 quis
604 785 743 827 objiciat,
765 796 806 816 ex
825 785 967 816 versibus

575 840 676 870 ταῦθ’
696 841 713 870 ό
735 839 878 880 πάραρος
898 841 990 877 τῆνος
1009 841 1057 870 ἐπ’
1077 841 1198 878 ἔσχατα
1217 841 1275 878 γᾶς
1296 839 1381 880 ἔλαβ’
1400 839 1509 870 sustula

579 894 671 929 ἱλεόν,
691 892 748 923 οὐκ
767 893 894 930 οἴκησιν,
916 893 1001 929 ὅπως
1018 890 1058 932 μὴ
1079 894 1215 931 γείτονες
1235 889 1316 932 ὦμες

574 946 742 983 damiam„
756 948 825 977 ποτ’
846 948 920 986 ἔριν,
940 945 1105 988 φθονερὸν
1124 948 1231 983 κακόν,
1251 947 1318 978 αἰὲν
1337 945 1447 986 ὁμοῖος
1468 950 1526 977 etc.
1548 950 1606 977 etc.

87 1005 169 1035 hunc
189 1013 314 1035 sensum
328 1002 398 1033 elici
411 1011 521 1043 posse:
543 1003 651 1032 Dinon
665 1003 813 1031 conducta
834 1003 905 1031 aede
925 1002 1012 1038 lonqe
1026 1002 1063 1031 ab
1077 1002 1151 1030 urbe
1167 1004 1226 1031 sita
1239 1011 1304 1031 non
1317 1005 1395 1031 tanti
1408 1003 1533 1038 habitat,
1549 1006 1657 1040 quanti
1669 1005 1753 1032 intra
1766 1004 1849 1033 urbis
1863 1008 1991 1042 moenia,

88 1068 225 1090 annuere
245 1056 354 1095 velim,
375 1056 431 1087 sed
451 1054 547 1086 nihilo
567 1055 668 1085 secius
688 1055 721 1085 in
748 1054 903 1085 sententia
922 1063 993 1083 mea
1012 1057 1134 1094 persto,
1158 1053 1345 1084 malevolum
1365 1064 1385 1084 a
1404 1055 1498 1095 poeta
1518 1054 1653 1085 animum
1673 1054 1755 1085 illius
1782 1055 1914 1086 hominis
1941 1056 1992 1087 de·

86 1114 191 1153 scribi,
212 1113 265 1153 qui
279 1121 403 1142 omnem
417 1109 625 1140 amicitiam
637 1118 753 1139 nexum
775 1107 815 1138 ab
836 1118 935 1138 uxore
956 1117 1012 1138 sua
1032 1111 1217 1148 exoptatum
1235 1112 1354 1138 remoto
1375 1107 1518 1138 aedificio
1538 1108 1689 1149 impedire
1709 1108 1742 1139 in
1762 1109 1865 1140 animo
1878 1109 1993 1141 habeat

87 1168 138 1200 vel
158 1167 268 1199 saltem
290 1164 527 1202 circumcidere3
556 1165 641 1204 atqui
666 1173 730 1193 non
756 1173 829 1192 raro
855 1162 951 1192 animi
975 1161 1140 1202 stupiditas
1161 1171 1230 1192 cum
1257 1161 1478 1192 malevolentia
1498 1162 1705 1204 conjungitur.
1746 1156 1828 1195 Sunt
1850 1163 1992 1205 denique,

88 1223 141 1263 qui
167 1220 264 1252 multo
284 1219 407 1260 longius
426 1218 601 1259 procedant
621 1217 667 1247 sic
686 1216 786 1247 verba
807 1215 1014 1256 explicantes:
1044 1221 1071 1246 et
1089 1218 1187 1255 rediit,
1208 1219 1300 1247 salem
1321 1219 1396 1246 mihi
1415 1219 1551 1256 afferens,
1573 1221 1662 1255 quasi
1680 1223 1715 1248 ut
1734 1229 1781 1248 me
1801 1219 1925 1256 doceret,
1945 1229 1992 1249 aa·

88 1281 145 1307 lem
165 1279 264 1313 mayc'a
284 1276 485 1304 necessarium
507 1283 565 1301 esse
593 1273 634 1301 ad
653 1282 700 1301 res
727 1273 902 1301 domesticas
932 1281 1023 1308 quam
1049 1273 1135 1308 fucos
1155 1275 1182 1300 et
1198 1273 1364 1308 piymenta.
1405 1269 1522 1300 Verum
1541 1275 1607 1301 tam
1626 1270 1767 1302 aculeato
1786 1282 1889 1312 neque
1908 1271 1993 1312 loqui

89 1340 190 1371 neque
217 1337 312 1368 agere
338 1329 445 1367 potest
472 1324 776 1365 τρισκαιδεκάπαχυς
801 1324 868 1354 iste.
910 1323 1015 1362 Quare
1042 1323 1226 1354 sententiam
1246 1322 1307 1353 loci
1327 1322 1408 1353 hane
1429 1334 1496 1354 esse
1517 1323 1677 1354 existimo:
1693 1330 1783 1363 pater
1803 1327 1921 1364 quidem
1943 1328 1993 1356 ille

86 1395 185 1422 nuper
204 1386 322 1412 nitrum
349 1385 376 1410 et
394 1382 501 1418 fucum
522 1389 591 1409 cum
618 1388 654 1408 ex
673 1379 799 1407 taberna
819 1388 913 1407 emere
928 1380 1031 1414 jussus
1052 1383 1138 1414 esset,
1167 1379 1256 1406 rediit
1279 1379 1371 1407 salem
1392 1376 1520 1417 (quippe
1541 1376 1655 1408 oblitus
1676 1382 1759 1416 erat,
1787 1382 1862 1417 quid
1879 1378 1993 1410 lenoci-

88 1438 209 1468 niorum
230 1438 389 1475 empturus
410 1434 506 1470 esset)
528 1434 614 1463 nobie
634 1434 769 1471 afferens.

327 1487 400 1520 ld·
423 1486 553 1519 xlx-

247 1543 317 1574 Hoc
336 1541 487 1583 idyllium,
508 1540 602 1581 quod,
621 1538 729 1569 nescio
749 1548 811 1579 qua
830 1537 921 1578 gravi
942 1547 1052 1568 caussa
1072 1537 1215 1578 permoti,
1236 1537 1328 1568 Bioni
1347 1537 1399 1567 vel
1419 1537 1472 1568 alii
1491 1537 1608 1569 sollerti
1629 1539 1800 1569 carminum
1815 1538 1993 1570 Theocrite-

85 1609 173 1629 orum
200 1596 349 1627 imitatori
377 1593 522 1636 permulti
546 1593 731 1631 tribuerunt,
751 1591 941 1632 lepidissime
962 1595 1009 1621 est
1028 1592 1232 1632 compositum
1254 1595 1294 1629 et,
1316 1602 1502 1632 quamquam
1524 1602 1544 1622 a
1563 1592 1662 1623 nostri
1688 1594 1800 1634 poetae
1820 1594 1941 1624 ratione
1963 1597 1993 1623 et

85 1653 189 1684 animo
209 1651 242 1681 iu
263 1650 399 1691 aliquam
419 1652 541 1690 partem
561 1647 698 1678 alienum
717 1646 851 1685 videtur,
871 1648 985 1684 tamen,
1005 1645 1066 1675 nisi
1085 1645 1232 1686 graviora
1245 1649 1429 1685 argumenta
1449 1645 1627 1685 afferantur,
1648 1646 1807 1677 Theocriti
1827 1657 1895 1677 esse
1909 1647 1991 1688 judi-

85 1707 219 1738 candum
241 1705 309 1735 erit.
351 1703 444 1742 Quod
470 1702 595 1734 scholiis
622 1711 686 1732 non
705 1699 874 1731 illustratur
894 1699 1071 1731 dulcissima
1090 1698 1169 1730 haec
1190 1699 1397 1738 cantiuncula,
1418 1699 1522 1740 aliquo
1542 1704 1576 1731 ut
1595 1700 1628 1731 in
1648 1700 1717 1732 aliis
1737 1701 1782 1732 sic
1801 1701 1834 1732 in
1853 1701 1913 1732 hoc
1927 1711 1992 1732 car-

82 1760 165 1791 mine
193 1769 268 1789 casu
295 1758 402 1798 iniquo
429 1756 588 1787 acciderit.
628 1755 718 1785 Haec
739 1754 890 1785 hactenus
911 1754 950 1784 de
976 1753 1084 1795 idyllio
1104 1754 1137 1783 in
1158 1754 1346 1784 universum.
1386 1753 1490 1794 Pergo
1511 1754 1553 1784 ad
1573 1754 1711 1794 singulas
1730 1766 1790 1785 res.
1831 1755 1868 1785 In
1888 1755 1992 1785 verbis

83 1812 168 1853 ἄκροι
188 1813 222 1843 δὲ
243 1812 360 1851 χειρῶν
380 1810 520 1841 δάκτυλοι
541 1808 645 1840 πάνθ’
664 1807 811 1846 ὑπένυξεν
831 1813 999 1845 „ez-tremos
1025 1818 1095 1838 vero
1122 1818 1274 1837 manuum
1301 1810 1410 1846 diyitos
1431 1818 1532 1838 omnes
1557 1811 1699 1847 confla-iffi
1721 1808 1816 1847 inest,
1845 1808 1927 1848 quod
1949 1809 1992 1838 of-

85 1867 194 1898 fendat
221 1865 367 1905 aliquem.
408 1864 539 1895 Constat
566 1862 664 1901 enim,
692 1872 768 1903 apes
789 1861 898 1892 aculeo
926 1860 1021 1892 semel
1047 1860 1179 1891 inhibito
1207 1860 1421 1901 derelinquere
1448 1860 1544 1891 telum
1571 1865 1601 1891 et
1627 1865 1738 1902 postea
1757 1862 1869 1903 perire.
1910 1863 1992 1901 Quo-

84 1921 178 1952 modo
197 1919 294 1960 igitur
315 1928 422 1948 omnes
443 1917 533 1957 digiti
552 1915 651 1957 pungi
670 1915 801 1956 possint,
821 1925 885 1945 non
904 1914 1007 1945 video.
1047 1914 1141 1953 Quod
1154 1915 1290 1945 sentiens
1304 1915 1398 1945 vertit
1411 1914 1575 1945 Notterus:
1601 1914 1677 1950 „Die
1693 1915 1808 1955 Εῳίβεη
1822 1920 1870 1948 ber
1883 1917 1992 1954 fdmmts

86 1975 172 2013 lichen
201 1973 307 2012 {finget
334 1972 402 2011 seete
428 1974 475 2002 bet
502 1970 619 2007 <⁹31an
647 1969 677 2000 in
706 1968 817 2007 &lum
846 1968 903 1999 sed
928 1967 1059 1998 verbum
1085 1967 1268 1999 ὑπονύσσειν
1297 1968 1393 1999 habet
1420 1968 1578 1998 notionem
1606 1969 1799 2009 „pungendi‚
1833 1969 1991 2000 feriendi“.

85 2026 298 2066 Quamobrem
318 2027 413 2066 poeta
433 2023 642 2064 negligentiae
663 2026 694 2052 et
714 2021 854 2052 incuriae
874 2021 1164 2062 quantulaecunque
1185 2022 1243 2052 erit
1263 2022 1458 2062 arguendus,
1479 2032 1559 2062 quae
1580 2032 1655 2052 sane
1677 2022 1834 2054 dulcedini
1848 2023 1992 2053 carminis

85 2080 201 2112 nullum
222 2080 312 2110 affert
334 2078 563 2109 detrimentum.
604 2076 752 2108 Ceterum
777 2075 861 2106 haud
883 2075 964 2114 seio,
990 2085 1031 2106 an
1057 2075 1211 2116 quispiam
1237 2075 1354 2106 dudum
1380 2076 1422 2106 ad
1448 2076 1508 2106 hoc
1535 2076 1702 2106 attenderit
1727 2077 1872 2106 animum.
1913 2077 1995 2106 Con-

84 2135 167 2166 feras
188 2133 321 2174 denique
342 2143 384 2163 ex
404 2131 509 2172 aliqua
528 2135 619 2172 parte
640 2141 766 2162 carmen
786 2129 943 2169 Lessingii
963 2128 1070 2168 nostri,
1090 2129 1174 2169 quod
1194 2128 1374 2159 inscribitur
1396 2129 1472 2166 „mie
1494 2130 1612 2162 fflienefl

327 2186 401 2220 ld·
426 2192 513 2228 xx,
540 2182 583 2219 21
605 2203 641 2209 —-
663 2182 724 2218 23.

570 2242 624 2272 καὶ
643 2238 704 2280 γὰρ
725 2240 789 2280 ἐμοὶ
813 2238 850 2270 τὸ
869 2237 1030 2277 πάροιθεν
1049 2236 1208 2269 &naiman
1228 2236 1289 2269 οίδύ
1308 2249 1339 2269 τι
1358 2237 1473 2274 κάλλος

572 2293 616 2330 οἱς
635 2294 740 2330 κισσὸς
761 2294 834 2324 ποτὶ
854 2297 1000 2332 πρέμνον,
1019 2289 1097 2331 ἐμὰν
1120 2290 1148 2320 δ’
1169 2290 1321 2328 swanger
1338 2291 1470 2330 ὑπήναν,

573 2353 682 2386 χαῖται
701 2348 729 2379 δ’
750 2346 803 2379 οἶα
822 2347 928 2378 σέλινα
947 2347 1018 2386 περὶ
1037 2344 1224 2386 κροτάφοισι
1243 2350 1385 2384 κέχυντο,
1405 2349 1464 2377 etc.
1489 2349 1548 2377 etc.

242 2419 314 2459 Ego
335 2418 496 2459 vulgarem
510 2416 792 2458 interpunctionem
811 2414 957 2444 vitiosam
978 2424 1045 2444 esse
1065 2418 1151 2454 puto,
1172 2423 1266 2454 quum
1286 2415 1391 2444 sensui
1411 2415 1602 2445 adversetur.
1644 2413 1797 2454 Displicet
1817 2412 1898 2443 enim
1918 2409 1992 2441 mihi

82 2475 159 2504 hacc
180 2473 412 2513 interpretatio:
439 2475 568 2510 „etenim
588 2482 635 2502 me
655 2475 746 2501 antea
766 2470 938 2500 adornabat
958 2470 1054 2498 dulcis
1074 2470 1200 2507 quidam
1221 2470 1308 2499 decor
1328 2473 1404 2499 sicut
1424 2471 1532 2499 hedera
1552 2471 1682 2507 stipitem
1702 2469 1860 2506 amplexa,
1881 2474 1991 2495 meam·

82 2539 140 2566 que
161 2529 299 2558 vestiebat
320 2537 446 2565 9mam;
474 2527 579 2564 capilli
606 2529 707 2555 autem
734 2525 817 2554 velut
841 2525 948 2560 apium
976 2524 1056 2551 circa
1083 2526 1219 2559 tempora
1246 2527 1333 2551 erant
1356 2525 1452 2561 βιοῦ(
1498 2521 1624 2560 Quanto
1654 2521 1835 2552 concinnius
1865 2517 1992 2549 dicitur:

79 2586 210 2620 „etenim
230 2593 276 2611 me
298 2586 388 2611 antea
409 2581 582 2611 adornabat
601 2581 698 2609 dulcis
719 2579 869 2616 quaedam
889 2580 1031 2606 venustas
1038 2587 1048 2612 ‚·
1076 2575 1176 2613 (haec)
1197 2585 1285 2612 vero,
1306 2581 1341 2606 ut
1361 2578 1468 2607 hedera
1496 2579 1624 2614 stipitem
1646 2577 1803 2613 amplexa,
1833 2575 1875 2604 eie
1894 2581 1992 2602 meam

78 2637 218 2668 vestiebat
238 2645 347 2675 yenam
370 2635 513 2673 (barba);
535 2635 639 2671 capilli
659 2637 761 2663 autem
781 2633 863 2661 velut
883 2633 990 2668 apium
1014 2633 1095 2659 circa
1114 2634 1250 2667 tempora
1269 2632 1333 2668 susi
1353 2633 1469 2660 erant“.
1510 2630 1652 2670 Namque
1673 2632 1781 2669 aperte
1800 2625 1918 2656 hedera
1938 2633 1993 2663 qp-
