2203 2732
998 95 1160 139 ..4—

131 197 268 229 violenta
288 203 349 238 est;
370 211 433 230 non
453 198 590 240 paullum
611 199 691 229 enim
713 199 855 230 dissentit
876 210 894 229 a
915 199 1075 231 codicibus
1096 200 1236 240 plurimis
1256 199 1386 230 mutatio
1406 199 1475 231 ista.
1515 199 1586 240 Ego
1606 210 1645 231 eo
1664 202 1783 242 majore
1796 201 1911 233 fiducia
1924 207 2030 243 persto

130 254 162 285 in
182 254 242 285 hac
262 254 512 296 reprehensione,
534 253 617 294 quod
637 252 712 284 mihi
732 253 906 284 accuratius
927 254 1128 296 perspicienti
1147 255 1333 296 scripturam
1351 253 1440 285 libris
1459 253 1606 286 traditam
1626 264 1734 286 sensus
1754 257 2029 296 pel-accomodatus

129 307 268 338 efficitur.
312 308 476 349 Corydon,
503 307 594 337 homo
610 307 725 344 lentus,
752 306 875 347 placide
896 308 974 338 haec
995 309 1085 339 dicit:
1112 315 1161 347 „et
1187 311 1262 340 abiit
1281 312 1351 339 hine
1371 311 1501 347 liyonem
1519 305 1620 339 secum
1637 311 1735 348 ferens
1755 319 1792 339 ac
1810 315 1919 349 viyintt'
1939 316 2028 344 οἰκί’

127 360 197 397 (has
217 361 343 402 penoris
364 361 516 392 itinerarii
537 361 671 399 caussa),
692 360 733 390 ad
754 371 833 401 quae
855 361 976 400 Battus,
1004 361 1096 392 homo
1118 361 1212 392 dicax
1233 372 1271 392 ac
1291 365 1465 402 protervus,
1486 360 1599 392 acerbe
1619 361 1798 403 respondit:
1827 369 1911 403 „tum
1931 367 2028 396 Milon

128 415 194 456 (qui
214 415 377 455 Aegonem
398 415 530 445 abduxit
550 415 591 445 ad
612 414 790 455 Alpheum),
812 419 902 445 etiam
922 419 1002 454 lupis
1020 420 1213 455 persuaserit,
1233 421 1268 446 ut
1287 420 1429 454 protinus
1449 419 1527 446 inter
1546 426 1665 454 yreyem
1685 421 1834 455 tanquam
1854 419 2026 450 derelictum

128 471 155 497 h.
177 480 199 498 e.
221 479 241 498 a
258 475 381 506 pastore
401 473 516 499 vicario
536 472 616 499 male
636 471 818 499 custoditum
838 470 1002 499 saeviant.“
1044 468 1159 499 Omnia
1178 478 1254 499 vero
1275 470 1489 507 concinerent,
1514 469 1541 499 si
1560 468 1623 498 levi
1642 470 1899 501 transmutatione
1918 482 2027 503 versus

129 523 166 551 10
186 525 217 550 et
238 524 274 551 12
297 521 457 562 conjuncti
478 521 638 562 Corydoni
658 521 877 560 tribuerentur,
900 532 1008 552 versus
1030 525 1064 552 11
1088 526 1119 552 et
1140 524 1176 552 13
1197 522 1301 553 Batto.
1342 522 1429 553 Unus
1450 521 1532 553 enim
1546 521 1679 552 diceret:
1699 528 1748 559 „et
1762 525 1892 555 discessit
1904 529 2026 555 rumam

126 585 214 604 suum
233 577 332 614 serem
360 581 386 606 et
405 579 515 613 viyinti
535 586 619 608 oves,-
642 578 787 611 juvencae
807 586 878 605 vero
899 586 967 605 eum
987 578 1035 605 hic
1053 579 1218 614 muqientes
1244 576 1447 614 desiderant,·“
1477 585 1557 616 quae
1576 575 1677 606 verba
1697 574 1777 605 alter
1799 577 1958 618 exciperet
1977 577 2025 608 his

126 627 206 658 salse
227 627 334 659 dietis:
361 631 578 667 „Per-suaserit,
600 631 696 666 credo,
717 630 815 659 Milon
835 631 925 667 lupis,
945 635 980 659 ut
1000 631 1154 668 confestim
1174 633 1366 668 irrumpant3
1387 630 1488 668 (nam)
1509 633 1565 660 hae
1585 631 1704 668 quidem
1721 633 1847 660 miserae.
1866 636 1937 662 sunt
1956 631 2025 669 (hoc

125 683 286 721 tempore),-
313 693 406 721 quam
432 685 550 713 malum
569 687 676 712 nactae
702 687 774 713 sunt
794 682 903 720 (hunc)
921 685 1107 720 pastorem.“
1147 682 1227 712 Tum
1248 682 1397 724 Corydon
1416 682 1542 712 minime
1562 681 1723 713 lacessitus
1744 686 1904 723 pergeret:
1930 694 2025 721 „sane

126 739 251 766 miserae
270 742 341 767 sunt
360 747 456 774 neque
476 739 609 774 amplius
626 739 712 773 pasce·
739 738 878 766 volunt.“
918 735 1011 766 Adde
1038 735 1122 776 quod
1148 736 1283 777 partium
1309 735 1501 777 singularum
1527 736 1746 778 proportiones
1773 737 1806 767 in
1830 736 1890 767 hoc
1915 736 2022 778 idyllio

124 789 377 820 accuratissimae
403 800 467 819 non
493 793 565 820 sunt
583 789 805 829 requirendae3
836 799 898 830 qua
925 789 964 820 de
992 800 1103 821 caussa
1129 789 1191 821 duo
1211 800 1319 821 versus
1343 800 1439 821 unum
1463 790 1659 831 insequentes
1685 790 1841 821 neminem
1865 789 2023 821 offendere

124 841 248 873 debent.
290 842 325 874 Si
344 843 411 883 ipse
433 854 452 873 a
472 853 548 874 vero
570 842 791 882 aberraverim,
812 843 936 874 veniam
956 853 1006 873 me
1025 842 1261 884 impetraturum
1281 854 1348 875 esse
1369 854 1471 885 spero.

366 897 439 930 Id·
462 897 544 939 lv,
568 895 616 929 62
637 915 674 920 --
695 894 756 929 63.

587 946 621 980 εὖ
641 951 670 989 γ’
691 946 851 989 ὤνθρωπε
871 951 1016 992 φιλοῖφα.
1057 953 1093 982 τό
1113 962 1162 982 τοι
1182 950 1271 990 γένος
1289 950 1309 988 ἦ
1328 951 1540 992 Σατυρίσκοις

588 1004 727 1042 ἐγγύθεν
745 1001 765 1041 ἢ
784 1003 924 1036 Πάνεσσι
941 1003 1180 1044 κακοκνιὶμοισιν
1199 1005 1338 1043 ἐρίσδεις.

284 1057 395 1087 Utrum
414 1057 492 1087 hacc
513 1056 666 1086 malitiosa
687 1057 818 1087 dicteria
837 1057 878 1087 ad
899 1057 1123 1088 mercenarium
1148 1067 1261 1098 greges
1281 1057 1420 1098 Aegonis
1447 1061 1628 1098 pascentem
1655 1068 1696 1088 an
1723 1068 1833 1088 canum
1864 1056 1949 1087 illum
1970 1067 2020 1088 cu-

124 1108 229 1148 licem,
250 1113 370 1150 patrem
391 1111 544 1151 Aegonis,
566 1110 731 1141 referenda
750 1110 845 1141 sunt?
884 1111 1027 1152 Plerique
1048 1110 1252 1152 interpretum
1276 1111 1399 1152 opinari
1417 1111 1578 1150 videntur,
1603 1121 1730 1152 prorsus
1757 1110 1891 1142 alienum
1911 1121 1979 1141 esse
2000 1122 2019 1141 a

121 1166 224 1193 mente
245 1163 331 1193 Batti
351 1164 411 1194 hoc
432 1164 556 1204 quidem
575 1164 659 1203 loco,
673 1165 850 1203 secundum
870 1175 994 1195 versus:
1022 1164 1125 1204 ἀκμάν
1151 1166 1178 1203 γ’
1201 1160 1229 1194 ὦ
1254 1165 1385 1195 §castate-
1412 1166 1514 1205 πρόαν
1541 1176 1575 1203 γε
1601 1166 1656 1204 μὲν
1680 1164 1776 1200 αὐτὸς
1795 1164 1942 1195 ἐπενθῶν
1967 1166 2018 1195 καὶ

122 1217 193 1246 ποτὶ
214 1217 255 1256 τᾷ
273 1216 399 1257 μάκτρᾳ
419 1217 656 1258 κατελάμβανον
675 1213 754 1257 ἆμος
773 1217 891 1257 ἐνήργει
911 1217 1040 1248 alterum
1058 1221 1216 1258 pastorem
1236 1221 1300 1248 tam
1321 1217 1496 1257 procaciter
1514 1227 1653 1257 pungere
1674 1220 1705 1247 et
1725 1216 2019 1255 lacessere,‚conve-

119 1268 187 1299 nire
207 1279 284 1300 vero
306 1271 440 1310 caprarii
460 1275 607 1309 naturae,
636 1282 730 1311 quum
750 1271 789 1302 de
809 1271 949 1312 Aegonis
969 1276 1057 1312 patre
1078 1272 1262 1312 interroget,
1289 1272 1396 1302 audito
1417 1272 1484 1312 ejus
1504 1282 1626 1310 amore,
1654 1271 1851 1302 senecionem
1869 1269 2019 1301 lascivum

119 1331 183 1351 non
204 1322 404 1363 Corydonem
425 1335 606 1365 comparare
628 1335 698 1355 cum
718 1324 856 1355 Panibus
884 1330 915 1356 et
935 1325 1055 1366 Satyris
1075 1324 1294 1366 petulantibus.
1335 1325 1530 1365 Quamquam
1550 1324 1684 1355 libenter
1704 1324 1917 1362 concedimus,
1937 1323 2018 1354 hanc

120 1374 360 1415 explicationem
379 1377 516 1417 speciem
538 1379 693 1418 quandam
713 1379 854 1410 veritatis
875 1379 1002 1418 habere,
1022 1382 1135 1418 tamen,
1156 1379 1231 1419 quid
1251 1389 1308 1409 nos
1328 1379 1505 1417 sentiamus,
1525 1378 1665 1419 proferre
1686 1378 1877 1408 audebimus.
1907 1377 2018 1408 Battus

119 1432 166 1458 est
187 1430 362 1470 caprarius3
383 1441 479 1471 quare
500 1433 620 1463 invidet
641 1432 810 1473 Corydoni,
831 1433 894 1473 qui,
916 1433 988 1463 dum
1009 1434 1119 1473 Aegon
1140 1433 1238 1471 abest,
1260 1432 1359 1463 boves
1378 1432 1459 1463 illius
1479 1442 1608 1473 pascere
1618 1432 1724 1472 jussus
1739 1435 1799 1470 est;
1821 1441 1882 1472 qua
1900 1430 2018 1461 invidia

119 1482 229 1513 ductus
251 1494 309 1523 per
322 1488 421 1515 totum
442 1496 577 1525 carmen,
598 1496 722 1526 quoquo
742 1486 835 1517 modo
856 1491 969 1528 potest,
990 1486 1110 1517 acerbis
1131 1485 1252 1516 facetiis
1273 1485 1440 1516 bubulcum
1459 1485 1568 1516 irridet
1581 1489 1674 1525 atque
1689 1484 1861 1515 cavillatur.
1902 1483 2018 1522 Quidni

118 1535 150 1565 in
169 1536 231 1567 fine
252 1538 474 1570 confabulandi
488 1540 665 1570 aeidissima
686 1544 717 1570 et
737 1540 909 1581 asperrima
928 1540 960 1570 in
975 1550 1044 1570 eum
1064 1544 1223 1580 congerat,
1243 1539 1426 1580 praesertim
1441 1549 1533 1580 quum
1548 1538 1711 1570 obscoenis
1725 1538 1867 1569 versibus
1882 1540 1967 1568 60—
1979 1540 2015 1568 61

118 1599 225 1620 ansam
246 1592 396 1630 praebeat
416 1593 690 1633 reprehensionis?
717 1594 789 1625 Jam
804 1594 928 1632 senties,
947 1598 1083 1624 nostram
1098 1594 1275 1634 opinionem
1289 1593 1380 1634 hujus
1398 1592 1488 1634 idylii
1500 1596 1683 1633 argumento
1697 1603 1761 1623 non
1775 1602 1842 1622 esse
1856 1591 2015 1622 absonam.

360 1646 433 1679 ld.
457 1646 511 1680 V·

278 1699 346 1729 Nisi
366 1710 415 1729 me
435 1700 514 1730 fallit
534 1701 697 1739 memoria,
718 1711 808 1731 nemo
829 1701 930 1732 adhuc
951 1701 1100 1741 cogitavit
1121 1701 1160 1731 de
1180 1700 1391 1740 comparanda
1410 1699 1565 1731 simillima
1585 1699 1796 1730 conviciorum
1815 1698 1949 1728 invicem
1969 1708 2015 1727 re—

118 1752 325 1790 gerendorum
346 1752 483 1791 ratione,
505 1763 565 1793 qua
585 1753 724 1784 homines
745 1759 884 1794 agrestes
904 1755 937 1783 in
957 1755 1112 1784 montibus
1132 1754 1259 1794 Alpium
1279 1753 1502 1783 Bavaricorum
1521 1753 1697 1782 habitantes
1716 1755 1858 1790 utuntur3
1879 1761 1921 1781 ex
1939 1754 2014 1781 tem·

117 1815 191 1845 pore
219 1805 301 1836 enim
328 1816 437 1837 versus
457 1806 590 1838 incultos
610 1807 774 1839 fundentes
800 1818 858 1848 per
877 1811 959 1838 totas
987 1808 1078 1838 horas
1098 1807 1180 1838 inter
1207 1818 1241 1838 se
1261 1806 1444 1849 gravissime
1463 1805 1628 1837 lacessunt.
1668 1805 1828 1836 Vocantur
1847 1805 1925 1836 haec
1944 1814 2014 1845 pro-

115 1864 205 1889 terva
233 1860 403 1890 certamina
422 1861 591 1891 vernaculo
617 1872 759 1892 sermone
781 1861 1018 1901 „Trutzliedel“.
1058 1862 1128 1892 Non
1155 1861 1289 1892 absurde
1309 1861 1346 1891 F.
1366 1860 1547 1899 Jacobsius,
1574 1869 1761 1900 quamquam
1786 1859 1893 1900 hujus,
1924 1867 2015 1899 quem

116 1912 208 1943 modo
222 1913 321 1954 tetigi,
342 1924 415 1944 usus
429 1914 562 1945 inscius:
587 1915 691 1955 „Solet
711 1915 770 1946 hoc
790 1926 888 1956 genus
909 1915 1074 1955 hominum,
1095 1907 1250 1957 imprimis
1266 1915 1298 1954 ii,
1320 1914 1372 1955 qui
1392 1924 1426 1944 se
1446 1913 1624 1954 ingeniosos
1646 1912 1833 1952 existimant,
1853 1910 1931 1942 alios
1952 1910 2015 1941 dic-

115 1966 202 1997 teriis
221 1966 375 1999 lacessere
396 1969 566 2000 vernilibus
587 1969 654 2000 sine
674 1969 756 2000 malo
777 1970 890 2009 animo,
910 1971 1059 2011 temporis
1078 1970 1207 2001 fallendi
1227 1969 1405 2010 ingeniique
1425 1968 1595 2000 exercendi
1614 1968 1754 1998 caussa“.

359 2022 431 2055 ld.
452 2022 536 2061 vl.
559 2021 620 2056 22.

580 2074 638 2107 κοῦ
658 2077 687 2116 μ’
707 2077 811 2114 ἔλαθ’,
831 2077 868 2108 ού
888 2076 943 2108 τὸν
962 2078 1035 2117 ἐμὸν
1054 2077 1109 2108 τὸν
1129 2080 1185 2108 ἕνα
1203 2077 1324 2117 γλυκύν,
1343 2072 1369 2117 ᾧ
1391 2077 1550 2117 ποθόρημι

582 2133 612 2166 ἐς
634 2132 732 2167 maog.

276 2182 408 2222 Scripsit
429 2193 445 2213 e
467 2184 647 2224 conjectura
668 2183 769 2214 editor
782 2184 967 2215 novissimus
988 2180 1072 2224 ᾧπερ
1087 2185 1175 2224 (δ’ρημι
1195 2184 1240 2214 sic
1255 2183 1415 2224 explicans
1435 2183 1551 2214 locum:
1574 2194 1644 2222 „nec
1663 2194 1710 2213 me
1724 2184 1824 2220 latuit,
1843 2191 1907 2212 non
1927 2182 2016 2210 latuit

115 2238 195 2266 hunc
209 2246 309 2266 meum
330 2240 456 2267 unicum
477 2239 591 2268 dulcem
607 2240 739 2276 oculum,
761 2249 821 2277 quo
842 2248 930 2269 cerno
951 2240 992 2268 ad
1009 2240 1097 2277 finem
1110 2248 1205 2276 usque
1217 2239 1328 2269 vitae.“
1368 2236 1431 2268 Sed
1445 2241 1662 2278 praeterquam
1675 2236 1759 2278 quod
1772 2235 1850 2266 haec
1863 2234 2017 2275 scriptura

115 2289 206 2320 nimis
234 2290 339 2321 audax
367 2290 514 2321 abhorret
541 2291 581 2321 ab
609 2291 793 2322 auctoritate
820 2291 985 2331 librorum,
1014 2302 1142 2332 quorum
1171 2292 1223 2322 alii
1250 2291 1399 2322 exhibent
1425 2286 1450 2331 ᾧ
1478 2291 1648 2330 ποθόρημι,
1675 2289 1729 2320 alii
1755 2284 1780 2328 ᾧ
1809 2289 1887 2320 πόθ’
1907 2288 2016 2327 bimum

113 2343 299 2384 (ποθορῷμι
325 2343 472 2374 Heinsius
493 2345 657 2384 conjecit),
685 2355 760 2386 ego,
788 2355 850 2386 qua
875 2345 1062 2377 necessitate
1088 2346 1213 2376 omnino
1234 2355 1401 2386 urgeamur
1421 2344 1462 2375 ad
1481 2343 1679 2382 mutandum,
1705 2342 1830 2373 minime
1851 2340 2015 2382 perspicio.

114 2396 229 2428 Sensus
242 2397 293 2428 hic
314 2403 376 2428 est:
396 2410 450 2429 nec
470 2411 516 2430 me
530 2402 630 2437 latuit,
651 2410 715 2430 non
734 2402 815 2430 hunc
833 2411 932 2430 meum
953 2411 1051 2431 unum
1072 2402 1190 2430 dulcem
1203 2400 1365 2438 (oculum),
1387 2409 1446 2438 quo
1468 2398 1583 2437 (illam)
1604 2400 1736 2436 adspicio
1756 2407 1851 2435 mque
1863 2397 1905 2426 ad
1923 2399 2016 2426 vitam

113 2458 285 2483 extremam.
327 2452 390 2490 Qui
416 2463 492 2483 vero
519 2464 643 2484 versum
664 2456 702 2484 25
722 2452 804 2485 ἀλλὰ
823 2455 875 2484 καὶ
896 2453 991 2490 αὐτὸς
1010 2452 1069 2492 ἐγώ
1091 2453 1203 2490 κνίζων
1227 2453 1320 2484 πάλιν
1341 2453 1376 2483 ου’
1401 2452 1562 2492 ποθόρημι
1580 2450 1745 2481 Fritzschii
1769 2446 2017 2490 interpretationi

113 2505 220 2535 favere
241 2505 418 2546 opinantur,
439 2507 471 2537 in
491 2517 597 2536 errore
618 2517 687 2537 esse
706 2506 782 2536 mihi
794 2506 950 2537 videntur.
990 2506 1104 2536 Pastor
1124 2505 1214 2544 enim,
1235 2506 1288 2546 qui
1301 2505 1485 2546 Polyphemi
1503 2509 1609 2546 partes
1628 2505 1703 2550 agit,¹
1723 2515 1820 2545 usque
1834 2502 1875 2534 ad
1887 2503 2017 2531 moriem

113 2569 147 2590 se
167 2559 349 2590 intuiturum
377 2570 444 2590 esse
466 2560 596 2591 confidit
616 2561 649 2591 in
668 2560 754 2591 illam
773 2561 925 2591 famosam
945 2560 1138 2602 Nympham²
1159 2560 1215 2591 sed
1234 2563 1269 2590 ut
1288 2559 1440 2590 irritando
1459 2569 1588 2590 saevam
1606 2557 1725 2589 molliat
1745 2562 1777 2588 et
1796 2555 1887 2587 nimis
1907 2553 2017 2584 duram

108 2612 170 2643 sibi
193 2613 348 2654 conciliet,
369 2625 518 2655 praesens
539 2616 571 2646 in
591 2618 713 2656 tempus
735 2614 898 2656 adspicere
920 2625 988 2645 eam
1010 2625 1074 2645 non
1093 2613 1168 2645 vult.
1209 2613 1371 2653 (Germani
1391 2613 1497 2644 dicunt
1521 2613 1605 2651 „litte
1626 2612 1780 2651 macheu-⁰)
