2203 2732
302 641 484 695 perpauca,
503 652 601 684 lector
620 652 762 693 candide,
783 650 919 694 praefari
938 650 1012 683 mihi
1030 650 1132 683 liceat.
1152 669 1190 675 -

303 707 421 738 Poetae
441 707 546 738 Siculo
572 711 603 738 et
628 707 747 748 ingenii
771 711 803 738 et
823 707 965 738 dictionis
990 707 1158 738 festivitate
1174 707 1243 748 jam
1269 707 1384 737 dudum
1408 705 1571 737 nobilitato
1598 705 1709 736 multos
1728 706 1812 736 viros
1833 706 2025 737 doctissimos

145 761 301 803 egregiam
320 761 512 802 praestitisse
532 771 668 802 operam,
689 761 756 802 quis
775 760 980 791 infitiabitur‘?
1010 760 1144 791 Textum
1164 760 1247 791 enim
1265 770 1460 801 summopere
1476 764 1697 791 recensuerunt
1709 764 1742 791 et
1755 760 1889 801 copiosis
1902 770 2025 801 quoque

145 815 371 846 commentariis
390 814 606 855 uberrimaque
627 814 836 855 explicatione
855 813 1093 845 illustraverunt.
1133 814 1356 844 Verumtamen
1376 814 1408 843 in
1429 813 1616 843 carminibus
1636 813 1828 844 Theocriteis
1850 814 2026 844 etiamnunc

142 868 205 898 alia
224 870 311 905 sunt,
338 877 418 908 quae
444 867 599 898 saniorem
618 866 748 897 formam
768 867 940 907 requirunt,
968 866 1028 897 alia
1048 876 1127 907 quae
1146 870 1234 897 recta
1252 866 1508 907 interpretatione
1528 870 1630 906 egent.
1670 866 1831 908 Reliquiae
1851 867 1933 898 enim
1952 868 2025 909 Ροὲ-

143 927 243 953 tarum
261 921 473 953 bucolicorum
493 920 652 952 codicibus
672 930 823 962 perquam
842 921 1030 961 depravatis,
1052 940 1087 944 —
1107 920 1147 951 ab
1167 930 1230 951 uno
1250 919 1353 960 aliquo
1374 919 1545 960 exemplari
1559 930 1657 960 eoque
1677 919 1784 951 mutilo
1798 921 1950 962 originem
1962 925 2024 952 tra—

143 975 226 1007 xisse
247 975 392 1006 videntur
412 993 448 998 —
469 974 510 1006 ad
530 973 744 1016 posteritatem
763 974 897 1005 traditae
918 978 990 1005 sunt
1009 973 1271 1004 mendosissimae.
1311 973 1377 1004 Nec
1398 972 1568 1013 defuerunt,
1591 974 1643 1014 qui
1663 974 1799 1006 minutiis
1819 974 1943 1016 quidem
1957 985 2024 1006 eru·

143 1030 230 1061 endis
257 1033 350 1070 atque
377 1028 573 1060 enucleandis
601 1028 783 1059 insudarent
808 1028 865 1059 sed
890 1027 994 1058 sensui
1019 1027 1191 1058 evolvendo
1211 1027 1336 1057 minime
1362 1028 1555 1058 inservirent.
1594 1027 1658 1058 Alii
1685 1039 1760 1059 vero
1789 1029 1938 1068 editores,
1966 1029 2025 1059 etsi

141 1082 326 1114 emendandi
345 1082 426 1113 ratio
446 1092 547 1122 neque
566 1081 666 1112 facilis
686 1091 786 1121 neque
806 1081 839 1111 in
858 1085 1004 1122 promptu
1023 1084 1104 1119 erat,
1124 1084 1229 1111 tamen
1248 1080 1332 1111 haud
1352 1081 1481 1112 ferenda
1499 1081 1689 1121 temeritate,
1716 1086 1809 1123 prout
1827 1082 1962 1121 libebat,
1981 1082 2024 1113 la-

141 1147 229 1168 ceros
250 1140 282 1167 et
301 1136 450 1167 obscuros
469 1135 555 1167 locos
575 1139 731 1166 tentantes
751 1134 849 1166 multa
868 1144 965 1175 eaque
985 1134 1142 1166 teterrima
1160 1136 1273 1176 poetae
1293 1134 1472 1165 inflixerunt
1492 1135 1629 1166 vulnera.

298 1189 365 1220 Has
387 1189 427 1219 ob
448 1199 558 1219 causas
577 1189 638 1226 illi,
660 1198 736 1228 quos
757 1188 898 1225 laudavi,
918 1188 987 1227 viri,
1008 1198 1192 1228 quamquam
1213 1187 1401 1228 amplissimo
1423 1193 1576 1229 apparatu
1594 1189 1736 1219 instructi
1756 1193 1787 1219 et
1806 1189 1884 1219 mira
1903 1190 2023 1230 sagaci—

140 1247 204 1274 tate
224 1246 317 1284 atque
338 1253 471 1284 operosa
492 1242 652 1283 diligentia
672 1242 815 1273 exornati
835 1245 937 1281 erant,
963 1245 1068 1272 tamen
1087 1240 1299 1273 difficillimum
1319 1241 1493 1272 habuerunt
1512 1241 1666 1281 laborem,
1687 1246 1721 1272 ut
1740 1246 1878 1273 nostrum
1898 1244 2023 1284 poetam

140 1297 322 1331 exhiberent
342 1296 592 1328 emendatiorem.
615 1315 650 1320 ——

297 1350 378 1391 Ego,
398 1351 425 1381 si
444 1349 504 1380 hoc
522 1349 627 1380 libello
647 1349 756 1380 studiis
778 1349 970 1379 Theocriteis
991 1348 1212 1389 aliquantulum
1232 1349 1390 1380 addidisse
1410 1349 1540 1380 videbor
1559 1349 1749 1388 incrementi,
1764 1349 2022 1390 jucundissimum

139 1403 273 1435 fructum
291 1404 468 1446 percepisse
487 1415 536 1435 me
556 1403 684 1445 putabo.
723 1403 753 1434 A
774 1403 885 1444 quibus
905 1402 1033 1434 meliora
1053 1402 1217 1442 edocebor,
1239 1414 1291 1433 eos
1312 1408 1401 1444 grato
1422 1403 1525 1434 animo
1546 1402 1653 1434 colam.
1694 1404 1766 1435 Jam
1786 1404 1828 1434 ad
1841 1403 1940 1444 ipsam
1957 1414 2021 1434 rem

139 1457 314 1497 aggrediar.

378 1682 450 1716 ld.
473 1682 514 1725 1,
536 1681 585 1717 25
607 1701 642 1707 -—
664 1681 726 1717 26.

298 1735 433 1766 Exstant
452 1737 551 1767 verba

641 1791 716 1832 αἶγα
735 1792 773 1823 δέ
788 1803 838 1823 τοι
856 1792 949 1823 δωσῶ
968 1792 1173 1832 διδυματόκον
1191 1795 1223 1829 ἐς
1241 1794 1308 1833 τρὶς
1328 1791 1464 1832 ἀμέλξαι,

640 1843 665 1876 εἳ
681 1845 728 1876 δύ’
748 1847 847 1883 ἔχοιθ’*
865 1847 980 1887 ἑρίφως
1001 1847 1223 1886 ποταμέλγεται
1242 1849 1273 1882 ἐς
1293 1845 1349 1877 δύο
1369 1847 1491 1882 πέλλας,

299 1897 400 1936 Quum
421 1908 528 1929 omnes
547 1897 618 1929 libri
638 1902 670 1928 et
689 1908 769 1939 quae
789 1898 934 1929 dicuntur
953 1899 1104 1929 editiones
1123 1899 1280 1940 principes
1300 1899 1333 1930 in
1352 1899 1411 1930 hac
1423 1898 1556 1929 lectione
1569 1898 1756 1940 conspirent,
1776 1898 1836 1930 nisi
1849 1898 1932 1940 quod
1951 1899 2020 1930 cod.

137 1948 171 1980 k.
194 1952 266 1982 ποτ’
285 1951 451 1992 ἀμέλγεται
469 1951 564 1982 habet
584 1955 615 1982 et
634 1955 758 1993 praeter
776 1961 871 1983 unum
892 1952 960 1984 cod.
980 1952 1016 1983 P.
1028 1951 1146 1993 'reliqui
1166 1953 1389 1992 ποταμελξεται
1407 1952 1574 1993 praebent,
1596 1953 1816 1993 acquieverunt
1835 1952 1969 1984 editores
1988 1953 2022 1984 in

139 2002 266 2044 vulgata
292 2004 454 2046 scriptura.
493 2005 683 2036 Fritzschius
709 2005 749 2037 do
772 2016 803 2036 v.
823 2008 861 2037 26
887 2006 969 2037 inter
995 2006 1057 2037 alia
1074 2005 1154 2037 haec
1173 2006 1320 2037 adnotat:
1349 2005 1438 2046 „Non
1463 2010 1548 2037 recte
1568 2006 1691 2047 Steph.‚
1717 2006 1805 2037 imitt.
1825 2016 1856 2046 p.
1876 2009 1930 2045 60,
1952 2007 2022 2047 „„in

139 2055 284 2088 mulctras
303 2058 394 2090 binas
414 2058 602 2100 mulgebitur
621 2058 722 2090 illa.““
763 2059 851 2090 Haec
879 2059 1030 2091 adnotare
1046 2060 1152 2102 juvat,
1180 2070 1273 2100 quum
1298 2060 1422 2091 videam
1448 2069 1573 2090 manum
1599 2060 1659 2090 viri
1678 2059 1762 2091 docti
1781 2059 1970 2100 (Schaeferi,
1995 2060 2022 2091 si

139 2113 223 2140 recte
244 2111 391 2153 conjicio)
411 2113 445 2143 in
464 2112 608 2154 exemplo
629 2113 677 2144 ed.
698 2112 810 2144 Valck.
833 2116 924 2151 1773,
945 2113 1029 2153 quod
1047 2113 1080 2143 in
1099 2112 1289 2144 bibliotheca
1313 2118 1421 2144 nostra
1439 2113 1570 2144 Paulina
1589 2117 1781 2151 asservatur,
1804 2113 2022 2154 adscripsisse:

138 2162 309 2201 „fortasse
330 2165 452 2206 spurius
472 2176 598 2206 versus,
626 2176 717 2208 quem
744 2166 796 2208 qui
815 2166 976 2208 procudit,
1001 2166 1077 2208 legit
1096 2177 1125 2197 v.
1147 2170 1185 2199 25
1205 2170 1236 2205 ἐς
1254 2167 1339 2205 δίς““
1361 2166 1456 2209 [quod
1475 2167 1614 2209 Appian.
1631 2165 1733 2198 Mithr.
1762 2169 1798 2197 78
1820 2166 1939 2210 dixit].“
1981 2167 2023 2199 Et

140 2228 223 2257 sane,
243 2229 304 2260 quo
325 2220 439 2252 diutius
460 2221 622 2253 considero
641 2220 753 2260 locum,
772 2225 861 2252 tanto
881 2222 949 2253 veri
968 2221 1095 2253 similius
1114 2221 1191 2252 mihi
1209 2222 1342 2261 videtur,
1369 2232 1388 2252 a
1407 2221 1503 2253 sciolo
1523 2221 1657 2262 quodam
1675 2231 1799 2251 versum
1817 2224 1856 2252 26
1875 2222 2024 2253 insertum

141 2278 216 2300 esse.
255 2272 341 2303 Nihil
360 2274 442 2303 enim
461 2274 522 2304 nisi
539 2274 755 2315 paraphrasim
774 2284 883 2305 versus
903 2274 1115 2305 antecedentis
1136 2275 1288 2314 continet3
1308 2285 1382 2305 nam
1401 2275 1476 2316 quid
1489 2274 1550 2306 sibi
1561 2274 1628 2305 vult
1641 2275 1794 2305 sententia
1813 2271 1836 2306 ἃ
1855 2274 1904 2306 δύ’
1925 2276 2025 2314 ἔχοισ’

139 2326 274 2365 ἐρίφωςῖ
314 2325 432 2369 Aperte
453 2327 602 2370 explanat
626 2339 665 2360 ea
690 2328 881 2371 adjectivum
903 2330 1125 2370 διδυματύκον,·
1153 2329 1266 2361 deinde
1292 2330 1389 2361 verbo
1416 2330 1640 2370 ποταμελγεται
1665 2328 1838 2370 explicatur
1855 2329 2025 2361 infinitivus

139 2377 285 2415 άμελξαις
306 2380 439 2421 denique
459 2384 491 2417 ἐς
511 2384 577 2422 τρίς
597 2382 725 2418 (rectius
745 2386 776 2418 ἐς
796 2383 858 2419 δίς)
878 2383 1083 2424 amplificatur
1102 2383 1208 2414 verbis
1227 2387 1259 2419 ἐς
1279 2384 1335 2414 δύο
1354 2384 1476 2419 πάλας.
1517 2383 1646 2412 Poetam
1665 2392 1741 2412 vero
1762 2382 1922 2421 scripsisse
1942 2383 1975 2413 in
1994 2393 2023 2413 v.

139 2432 175 2461 25
197 2433 227 2468 ἐς
247 2431 310 2472 δίς,
329 2432 404 2465 mihi
423 2435 548 2476 quidem
567 2436 734 2468 admodum
754 2435 917 2478 probabile
937 2436 1069 2468 videtur.
1110 2435 1272 2478 Capellam
1292 2436 1389 2475 enim,
1414 2445 1494 2476 quae
1513 2435 1603 2467 binos
1629 2435 1684 2467 alit
1703 2436 1819 2475 foetus,
1845 2447 1909 2467 non
1929 2434 2025 2468 semel

139 2486 257 2515 tantum
277 2485 365 2517 bisve
392 2488 449 2519 sed
468 2489 548 2520 adeo
574 2494 623 2520 ter
650 2489 701 2521 lac
721 2490 831 2529 edere,
855 2491 912 2521 vix
936 2491 1083 2522 convenit
1107 2490 1155 2521 rei
1180 2494 1318 2521 naturae.
1358 2490 1548 2520 Fritzschius
1574 2500 1697 2521 versum
1717 2493 1755 2521 26
1782 2489 1899 2521 reddit:
1926 2501 2026 2529 „quae

138 2545 325 2578 quamquam
345 2543 431 2575 binos
450 2546 508 2575 alit
524 2546 615 2576 ubere
631 2547 740 2585 foetus,
761 2551 862 2577 tamen
883 2548 958 2577 lacte
978 2556 1043 2585 mo,
1065 2550 1179 2585 quotics
1198 2548 1362 2585 mulyetur,
1383 2548 1526 2577 mulctrat·
1546 2548 1688 2585 adimplet
1707 2548 1825 2577 binaef‘

1810 2603 1824 2627 1
