2203 2732
295 156 339 186 At
365 165 441 186 vero
468 166 559 186 nemo
584 166 648 186 non
673 156 856 197 perspiciet,
881 166 939 186 sex
965 156 1027 195 (bis
1047 161 1137 187 terna
1157 156 1294 187 efficiunt
1320 156 1391 194 sex)
1419 154 1551 187 mulctra
1576 158 1794 198 (περιγλαγέας
1819 160 1900 193 κατὰ
1921 163 2037 199 πέλλας

135 208 226 241 Hom.
247 208 283 241 11.
305 209 399 250 XVI,
427 212 484 242 642
511 209 606 241 vertit
625 208 772 241 Vossius:
805 209 853 249 „in
880 209 923 242 hie
949 209 1164 251 milcbsseft‘tssten
1186 209 1314 249 &imetw
1339 208 1396 240 vix
1422 208 1544 251 impleri
1570 221 1662 253 posse
1688 211 1778 243 unius
1804 223 1918 256 caprae
1943 215 2034 249 lacte,

135 266 232 296 πόλλα
259 266 359 306 majus
388 269 435 295 est
454 275 527 302 vas,
557 274 650 303 quam
671 264 755 304 quod
774 274 838 294 una
858 264 994 304 capella,
1024 274 1104 304 quae
1123 264 1214 294 binos
1235 263 1290 293 alit
1310 263 1428 302 foetus,
1455 268 1504 293 ter
1529 275 1586 295 seu
1610 266 1713 306 potius
1741 267 1844 299 sexies
1871 270 2033 311 compleat.

135 317 245 359 Neque
265 317 388 348 silentio
408 317 671 358 praetereundum
690 320 776 357 puto,
798 317 882 357 quod
903 327 929 348 e.
950 328 980 358 g.
1001 317 1034 347 in
1053 316 1156 346 lexico
1176 316 1335 347 Duncanii
1355 316 1509 347 scribitur·
1551 319 1668 357 „nei-iu
1688 319 1731 360 (v.
1748 330 1772 350 s.
1787 320 1920 362 Πάλλω)
1939 322 2034 355 mulc-

134 375 193 411 tra,
214 372 258 404 ein
282 372 410 411 SlJielffcfi
431 375 465 409 (a
484 371 662 412 milk—pail),
683 371 716 402 it.
737 382 804 410 vas,
825 371 857 402 in
879 382 939 412 quo
959 371 1009 403 lac
1030 371 1222 410 adservatur,
1245 372 1290 403 ein
1310 371 1521 412 ffltilcbffiamn.
1560 371 1619 403 Est
1639 374 1706 404 οἰπὸ
1726 376 1784 406 τοῦ
1803 376 2034 414 πεπελεκῆσθαι

135 425 201 464 boin
223 425 365 465 gebuuene
388 426 513 464 belgam
534 425 644 465 ffldpfe3
665 428 736 455 sunt
756 435 831 465 ergo
853 426 961 456 πέλλαι
980 425 1090 464 ἀγγεῖα
1105 424 1282 464 ποιμενικάς
1305 424 1403 455 πέλλα
1423 428 1471 455 est
1490 426 1669 466 σκυφοειδές
1689 426 1824 466 ἀγγεῖον,
1844 426 1864 459 ὅ
1887 429 2033 469 πυθμένα

134 481 200 517 ἔχει
220 479 422 520 πλατύτερον,
443 482 487 516 εἰς
507 477 528 511 ὅ
547 478 679 519 ἤμελγον
698 478 790 519 γάλα,
810 480 863 510 καὶ
882 474 920 517 ἦν
938 478 1076 517 ξύλινονε
1098 488 1117 509 a
1132 478 1300 510 πελεκάω.“
1342 478 1487 509 Ceterum
1502 479 1644 511 conferas
1659 490 1728 511 cum
1741 480 1893 522 hocloco,
1908 483 1933 514 si
1946 482 2032 523 libet,

133 532 314 573 Vergilium,
336 534 388 573 qui
411 534 487 573 (vid.
502 533 569 563 Ecl.
583 532 641 571 111,
662 536 701 563 30
716 531 782 571 „bis
796 532 883 562 venit
897 532 938 562 ad
958 532 1128 570 mulctram,
1149 532 1239 562 binos
1260 532 1314 562 alit
1334 532 1430 562 ubere
1451 532 1585 569 foetus“)
1605 538 1744 564 nostrum
1758 536 1882 575 poenam
1895 537 2033 568 imitatus

131 586 198 617 sine
219 586 314 618 dubio
341 586 417 629 legit
443 591 474 625 ἐς
497 587 553 625 δίς.
593 586 682 618 Idem
703 585 771 617 Ecl.
793 585 852 626 111,
873 589 911 617 34
932 586 1074 617 exhibet:
1097 585 1224 627 „bisque
1245 586 1295 616 die
1315 590 1478 617 numerant
1497 586 1590 618 ambo
1609 598 1715 629 pecus,
1737 588 1815 620 alter
1835 593 1866 621 et
1885 589 2029 624 haedos.“

136 641 216 681 Ego,
236 652 275 671 ne
296 641 407 681 longus
428 641 495 680 sim,
516 652 636 672 versum
657 645 697 671 26
716 644 864 679 ylossema
879 644 1080 678 judicandum
1101 652 1161 671 csse
1181 641 1324 671 existimo
1344 651 1403 671 nec
1418 651 1480 671 non
1499 640 1604 681 placet
1624 642 1699 672 mihi
1719 644 1900 684 conjectura
1920 649 1952 681 ἐς
1971 647 2028 683 δίς.

374 694 447 728 ld·
469 694 538 738 ΙΙ,
563 691 598 727 3.

290 749 481 780 Fritzschius
495 767 533 772 --
547 748 737 789 reliquorum
753 759 852 779 vanas
874 748 1081 779 correctiones
1101 752 1266 788 praetereo
1287 765 1325 771 —-
1346 752 1470 779 secutus
1491 749 1681 789 Stephanum
1702 750 1826 791 scripsit
1845 753 1911 792 ἐμοὶ
1931 752 2030 793 βαρὺν

132 801 225 836 εὖντα
245 805 338 845 φίλον
361 802 576 841 καταδήσομαι
596 801 708 842 ἄνδρα,
730 812 800 832 cum
820 803 853 832 in
872 802 958 832 libris
979 806 1009 832 et
1030 801 1217 832 editionibus
1236 801 1359 842 legatur
1378 802 1452 841 ἐμόν
1471 802 1682 842 βαρυνεῦντας
1704 807 1869 843 praeterea
1888 815 1930 835 ex
1942 805 2029 836 scho-

134 858 244 889 liorum
271 855 413 897 vestigiis
439 859 532 896 atque
561 866 602 886 ex
623 855 840 886 emendatione
861 855 976 896 Toupii
1002 859 1033 886 et
1059 854 1204 886 Ahrensii
1230 854 1355 896 scripsit
1381 855 1596 896 καταδήσομαι
1620 866 1677 896 pro
1703 856 1853 888 librorum
1877 859 2030 900 scriptura

131 911 364 950 καταθήσομαι.
406 909 564 948 Alterum,
591 909 675 949 quod
702 909 828 950 quidem
852 909 927 940 artis
948 909 1073 940 criticae
1100 908 1222 949 legibus
1249 908 1467 949 obtemperans
1488 910 1623 951 conjecit
1648 910 1698 940 vir
1718 910 1927 951 doctissimus,
1953 923 2027 944 sane

129 964 310 996 concinnius
331 968 378 993 est
391 963 486 993 nexui
499 963 681 1002 sententiae,
702 963 758 993 sed
772 962 902 993 alterum
915 963 1039 993 minime
1053 962 1261 992 necessarium
1280 962 1355 992 mihi
1368 962 1507 1001 videtur3
1528 963 1670 994 conferas
1691 974 1720 994 v.
1743 967 1788 1004 10,
1809 965 1843 996 in
1863 975 1925 1006 quo
1945 966 2029 997 idem

134 1019 263 1051 verbum
286 1022 402 1057 exstat,
430 1019 484 1049 νῦν
505 1017 542 1048 δέ
558 1028 605 1048 νιν
625 1020 658 1048 ἐκ
681 1018 787 1049 θυέων
808 1016 1035 1057 καταθύσομαι
1054 1016 1083 1047 h.
1105 1026 1131 1047 e.
1152 1027 1235 1047 nunc
1254 1022 1354 1047 autem
1375 1020 1469 1047 sacris
1487 1021 1613 1056 mayicis
1632 1021 1793 1050 incantabo
1813 1020 1922 1056 (sacris
1943 1020 2028 1052 adhi-

132 1074 202 1105 bitis
230 1078 261 1104 et
289 1072 425 1113 peractis
452 1082 562 1112 cogam
590 1082 675 1110 eum,
702 1076 737 1102 ut
763 1082 868 1102 amore
895 1082 944 1102 me
971 1070 1198 1112 amplectatur).
1238 1070 1309 1111 Ego
1336 1081 1411 1101 vero
1438 1071 1627 1102 levissimum
1646 1072 1774 1103 subesse
1794 1073 1903 1105 vitium
1922 1075 2027 1107 verbis

130 1125 223 1160 εὖντα
246 1129 341 1170 φίλον
368 1126 556 1167 putaverim3
584 1129 704 1155 mutare
732 1124 826 1155 velim
853 1124 1018 1155 lectionem
1039 1124 1178 1155 scribens
1198 1127 1264 1166 ἐμοὶ
1283 1123 1383 1166 βαρὺν
1403 1120 1485 1156 εὖντ’
1505 1123 1652 1167 ἄφιλον
1671 1127 1894 1168 καταθύσομαι
1913 1125 2024 1170 ἄνδρα.

130 1184 200 1214 Hoc
222 1182 303 1213 enim
323 1181 473 1222 temporis
494 1184 651 1211 momento
672 1179 843 1219 Simaetha,
863 1190 1049 1220 quamquam
1070 1179 1340 1211 vehementissimo
1362 1179 1475 1210 amoris
1496 1179 1608 1210 ardore
1628 1179 1765 1220 incensa,
1785 1185 1889 1214 tamen
1909 1183 1976 1215 irae
1989 1195 2027 1216 ac

130 1237 279 1268 saevitiae
300 1235 395 1265 animi
415 1235 642 1274 intemperans,
665 1233 772 1263 nescio
794 1244 834 1263 an
854 1233 970 1263 nullum
989 1234 1063 1263 mite
1084 1233 1200 1263 dictum
1219 1242 1261 1263 ex
1281 1244 1335 1263 ore
1355 1235 1474 1271 mittat,
1502 1234 1585 1274 quod
1605 1238 1636 1263 et
1656 1235 1731 1264 satis
1753 1235 1866 1266 docent
1887 1237 2025 1277 epitheta

129 1289 324 1330 insequentia
344 1288 442 1324 τάλας
463 1291 493 1317 et
514 1286 671 1327 ἀνάρσιος.
712 1286 845 1325 Deinde,
866 1286 899 1317 id
919 1286 1003 1326 quod
1023 1296 1168 1327 magnam
1187 1286 1221 1316 in
1243 1286 1302 1317 hac
1323 1296 1433 1317 caussa
1451 1287 1515 1316 vim
1535 1286 1652 1317 habere
1672 1287 1746 1317 mihi
1765 1288 1897 1329 videtur,
1917 1300 1947 1321 v.
1969 1293 2025 1321 112

129 1346 180 1376 καί
206 1345 236 1383 μ’
266 1341 376 1373 ἐσιδών
403 1341 561 1381 εὸστοργο,Ί
588 1343 638 1372 ἐπὶ
663 1340 787 1379 χθονὸς
813 1341 935 1380 ὄμματα
963 1340 1059 1378 πᾶξαι
1085 1344 1143 1371 ete.
1172 1344 1230 1371 etc.
1255 1339 1360 1381 puella
1386 1340 1573 1381 Delphidem
1601 1345 1771 1372 amatorem
1799 1343 1913 1374 acerbe
1939 1344 2023 1375 dicto

129 1395 284 1437 ἅστοργος
304 1396 324 1426 i.
345 1406 370 1425 e.
393 1392 507 1437 ἄφιλος
529 1394 666 1434 corripit.
706 1394 833 1424 Dixerit
853 1393 984 1424 fortasse
1005 1393 1130 1434 aliquis,
1158 1394 1190 1424 id
1217 1394 1318 1434 ipsum
1338 1396 1432 1434 φίλον
1456 1404 1474 1424 a
1494 1395 1588 1435 poeta
1609 1395 1648 1425 de
1668 1395 1820 1426 industria
1839 1398 1973 1437 positum
1995 1402 2025 1428 et

129 1455 320 1491 assumptum
348 1460 416 1480 esse
444 1460 485 1479 ex
505 1449 608 1479 animo
629 1446 766 1478 mulieris
786 1447 819 1478 vi
839 1447 973 1478 Veneris
993 1447 1111 1486 vietae,
1132 1447 1215 1488 quod
1236 1458 1295 1488 ego
1315 1458 1379 1478 non
1400 1448 1570 1488 spreverim
1590 1466 1628 1471 -
1649 1448 1783 1480 editores
1805 1451 1967 1481 conterunt
1986 1452 2024 1482 si-

128 1504 268 1535 millimos
289 1503 374 1534 locos
395 1502 597 1544 Aeschyleos‚
619 1501 816 1542 Euripideos,
837 1501 1037 1540 Horatianos,
1058 1502 1110 1542 qui
1131 1501 1284 1543 ejusmodi
1304 1512 1456 1542 oxymora
1476 1502 1625 1533 exhibent
1653 1521 1688 1527 —
1716 1504 1772 1534 sed
1791 1508 1949 1544 reputans,
1970 1515 2023 1545 pu-

129 1560 220 1591 ellam
239 1559 290 1589 hic
311 1557 447 1589 describi
467 1567 530 1587 non
550 1561 614 1586 tam
635 1556 799 1586 dulcedine
825 1556 938 1585 amoris
959 1559 1130 1596 permotam
1157 1565 1250 1595 quam
1278 1555 1449 1596 cupiditate
1472 1556 1599 1597 juvenis
1626 1557 1737 1597 perfidi
1765 1558 1865 1588 denuo
1893 1559 2024 1589 adstrin-

128 1614 224 1655 gendi
243 1613 481 1650 inflammatam,
509 1612 620 1641 iterum
646 1610 761 1640 haereo
788 1610 961 1650 iterumque
981 1609 1014 1639 in
1034 1609 1190 1649 adjectivo
1210 1610 1311 1650 φίλον.
1354 1609 1574 1650 Conjecturam
1595 1615 1697 1641 autem
1723 1622 1742 1642 a
1762 1623 1811 1642 me
1831 1613 2023 1653 propositam

128 1669 271 1709 proxime
293 1666 333 1696 ad
353 1664 503 1695 librorum
525 1665 710 1704 scripturam
731 1663 891 1701 accedere,
912 1673 1003 1693 nemo
1023 1674 1086 1693 non
1105 1662 1234 1692 videbit.

370 1718 443 1752 ld·
465 1717 534 1760 ΙΙ,
557 1714 605 1750 59
628 1736 664 1741 ——
686 1715 750 1751 60.

613 1772 753 1810 Θεστυλί,
774 1773 829 1803 νῦν
848 1771 881 1802 δὲ
901 1772 1034 1811 λαβοῖσα
1053 1768 1089 1800 τι)
1110 1768 1150 1800 τὰ
1172 1770 1279 1808 θρόνα
1299 1772 1389 1800 ταῦτ’
1406 1769 1567 1809 ὑπόμαξον

612 1826 668 1862 τᾶς
689 1824 770 1863 τήνω
791 1822 886 1863 φλιᾶς
906 1821 984 1852 καθ’
1003 1821 1172 1863 ὑπέρτερον
1193 1826 1250 1853 etc.
1273 1826 1332 1853 etc.

287 1881 349 1919 Qui
364 1881 466 1911 adhuc
480 1879 676 1920 interpretati
689 1883 761 1909 sunt
774 1888 899 1909 versum
912 1877 1114 1917 posteriorem
1128 1876 1269 1907 homines
1284 1877 1377 1915 docti,
1392 1877 1576 1917 scripturam
1591 1883 1753 1909 servarunt
1767 1880 1823 1916 τᾶς
1834 1879 1915 1917 τήνω
1929 1882 2023 1921 φλιᾶς

125 1938 363 1975 καθυπέρτερον
379 1938 410 1964 et
422 1933 468 1964 ita
481 1932 701 1963 intellexerunt
714 1931 830 1962 locum:
851 1942 934 1962 mmo
953 1941 1024 1961 vero
1045 1930 1117 1967 (hoc
1136 1930 1205 1961 loco
1226 1930 1309 1961 idem
1329 1930 1413 1961 valet
1427 1931 1610 1962 adverbium
1626 1933 1680 1963 νῦν
1702 1932 1786 1972 quod
1798 1937 1936 1963 nostrum
1959 1934 2022 1973 „fur

126 1994 196 2031 iem,
224 1990 271 2028 fut
299 1989 410 2029 beuw')
438 1994 472 2018 tu
497 1999 568 2026 cape
595 1990 666 2018 haec
690 1998 806 2017 venena
833 1991 860 2017 ct
886 1987 965 2015 clam
985 1987 1070 2015 illine
1089 1987 1161 2015 haec
1181 1995 1308 2023 superne
1327 1987 1410 2016 illius
1431 1988 1539 2016 limini.
1580 1986 1624 2017 At
1643 1997 1700 2027 per
1719 1990 1817 2017 totum
1839 1997 1963 2018 carmen
1982 1998 2022 2018 ne

125 2055 187 2075 uno
215 2043 338 2084 quidem
365 2052 459 2072 versu
479 2041 519 2072 de
539 2040 670 2071 aedibus
692 2039 857 2081 Delphidis
878 2039 995 2079 agitur,
1021 2038 1060 2068 de
1087 2037 1209 2079 puellae
1235 2038 1447 2078 penetralibus
1471 2050 1623 2080 persaepe
1651 2050 1752 2070 sermo
1780 2044 1836 2070 est.
1878 2040 1920 2072 Ut
1940 2041 2022 2072 enim

126 2099 266 2129 omittam
290 2106 415 2126 versum
441 2094 526 2125 illum
546 2094 762 2125 intercalarem
783 2097 951 2134 quaternos
972 2102 1080 2122 versus
1100 2091 1339 2132 subsequentem
1361 2091 1464 2132 „2vy§,
1489 2094 1558 2125 ἕλκε
1578 2092 1614 2125 ni
1635 2094 1727 2131 τῆνον
1747 2093 1819 2132 ἐμὸν
1840 2096 1911 2125 ποτὶ
1932 2094 2022 2135 δῶμα

125 2155 181 2184 τὸν
200 2149 319 2190 ἅνδρα“
342 2149 492 2191 imprimis
514 2148 655 2179 versibus
677 2151 735 2179 100
755 2152 786 2178 et
808 2151 862 2179 101
885 2147 991 2187 „minet
1011 2145 1053 2177 κά
1073 2157 1119 2177 νιν
1139 2148 1231 2177 ἐόντα
1249 2146 1357 2187 μα’θῃς
1374 2150 1480 2186 μόνον,
1500 2145 1605 2185 ἅσυχα
1624 2148 1760 2185 νεῦσον“,
1782 2147 1881 2187 „xe‘t'cp'
1900 2147 1948 2179 ὅτι
1960 2149 2022 2179 Σι-

124 2206 230 2246 μαίθα
251 2217 287 2236 τυ
306 2205 407 2241 καλεῖ,
428 2205 481 2235 καὶ
502 2203 622 2244 ὑφαγέο
643 2203 755 2243 τᾷδε“,
782 2212 813 2232 v.
836 2204 892 2232 127
915 2203 959 2241 „el
981 2201 1008 2231 δ’
1028 2200 1109 2239 α’λλᾷ
1128 2200 1158 2240 μ’
1181 2200 1298 2232 ω’θεῖτε
1325 2202 1378 2232 καὶ
1404 2200 1426 2232 ιὶ
1446 2199 1536 2240 θύρα
1556 2203 1659 2239 εἴχετο
1678 2202 1820 2240 μοχλῷ“,
1845 2211 1875 2232 v.
1898 2204 1954 2233 132
1976 2197 2021 2241 „03

126 2261 217 2301 γύναι
236 2260 427 2290 ἐσκαλέσασα
452 2261 524 2289 τεὸν
545 2259 616 2289 ποτὶ
638 2259 731 2289 τοῦτο
752 2257 916 2296 μέλαθρον
936 2250 1038 2291 αὕτως
1058 2255 1275 2296 ἡμίφλεκτον.“
1303 2258 1362 2285 etc.
1388 2258 1447 2285 etc.
1468 2255 1543 2285 satis
1563 2265 1717 2296 superque
1737 2259 1883 2296 apparet,
1905 2255 2022 2287 Simae-

1102 2307 1205 2315 ...-

124 2368 207 2407 eilla,
225 2371 260 2397 ut
280 2365 417 2406 perfidus
437 2366 496 2396 iste
516 2369 647 2405 amator,
669 2374 856 2406 quamquam
876 2362 1001 2402 invitus,
1022 2361 1158 2403 peractis
1178 2361 1275 2392 sacris
1290 2365 1321 2392 et
1334 2362 1367 2392 vi
1380 2362 1494 2393 rituum
1509 2368 1635 2394 coactus
1649 2362 1754 2393 limine
1767 2363 1864 2404 pedes
1884 2361 2020 2393 inferens

123 2427 252 2464 penates
272 2420 432 2461 neglectos
453 2419 572 2451 subeat.
611 2419 801 2460 Repugnare
823 2418 948 2459 quidem
966 2426 1056 2447 meae
1078 2414 1258 2456 explicandi
1277 2417 1390 2447 rationi
1409 2417 1548 2456 videtur,
1576 2418 1660 2458 quod
1680 2417 1839 2449 Simaetha
1859 2417 2020 2448 discedere

118 2477 211 2517 jubet
231 2473 384 2512 ancillam,
405 2473 461 2504 sed
481 2473 554 2504 inde
574 2473 816 2514 haudquaquam
835 2471 983 2512 sequitur,
1003 2469 1169 2510 Delphidis
1189 2473 1305 2499 tectum
1325 2480 1393 2500 esse
1413 2470 1655 2512 intelligendum.
1695 2471 1768 2502 Jam
1788 2471 1862 2511 quin
1873 2469 2019 2500 mendum

122 2531 195 2562 insit
214 2527 372 2570 quoddam
391 2527 595 2559 minusculum
615 2528 647 2558 in
667 2526 796 2568 vulgata
816 2525 960 2564 lectione,
981 2534 1052 2555 cum
1071 2522 1156 2554 nulla
1176 2523 1217 2554 sit
1231 2523 1394 2563 dubitatio,
1415 2525 1557 2565 equidem
1571 2525 1812 2557 succurrendum
1825 2534 1893 2555 esse
1907 2532 2019 2554 censeo

121 2588 253 2617 accentu
278 2581 366 2613 vocis
393 2582 474 2620 τήνω
502 2582 612 2613 leviter
639 2586 757 2612 mutato
786 2585 817 2612 et
838 2579 970 2620 conjicio
991 2580 1049 2614 τοῖς
1069 2579 1171 2615 τηνῶ
1191 2578 1286 2617 φλιᾶς
1311 2578 1557 2619 καθυπέρτερον.
1600 2582 1705 2611 Sumto
1726 2582 1781 2610 hoc
1801 2588 1915 2610 veneno
1935 2580 2023 2608 illine
